<?xml version="1.0" encoding="UTF-8"?><collection xmlns="http://www.loc.gov/MARC21/slim"><record><leader>00398nam--2200133-i-4500</leader><controlfield tag="001">000028513</controlfield><controlfield tag="002">20161230</controlfield><controlfield tag="005">20161230201037</controlfield><controlfield tag="008">060222s1000------------r-----000-0-eng-d</controlfield><datafield ind1=" " ind2=" " tag="100"><subfield code="a">Langenbeck Wolfgang</subfield></datafield><datafield ind1=" " ind2=" " tag="245"><subfield code="a">Aktivierung als kernproblem der katalyse</subfield></datafield><datafield ind1=" " ind2=" " tag="260"><subfield code="a">Berlin, Akademie-verlag, 1956, 20p</subfield></datafield><datafield ind1=" " ind2=" " tag="490"><subfield code="a">Abhandlungen Der Sachsischen Akademie Der Wissenschaften Zu Leipzig</subfield></datafield><datafield ind1=" " ind2=" " tag="852"><subfield code="a">7025</subfield></datafield></record></collection>